@inproceedings{Eickhoff2013,
 author = {Eickhoff, Carsten and Collins-Thompson, Kevyn and Bennett, Paul N. and Dumais, Susan},
 title = {Personalizing atypical web search sessions},
 booktitle = {Proceedings of the sixth ACM international conference on Web search and data mining},
 series = {WSDM '13},
 year = {2013},
 isbn = {978-1-4503-1869-3},
 location = {Rome, Italy},
 pages = {285--294},
 numpages = {10},
 url = {http://doi.acm.org/10.1145/2433396.2433434},
 doi = {10.1145/2433396.2433434},
 acmid = {2433434},
 publisher = {ACM},
 address = {New York, NY, USA},
 keywords = {adaptive interfaces, domain expertise, personalized search, user modeling},
}

@inproceedings{Shokouhi2013,
 author = {Shokouhi, Milad and White, Ryen W. and Bennett, Paul and Radlinski, Filip},
 title = {Fighting search engine amnesia: reranking repeated results},
 booktitle = {Proceedings of the 36th international ACM SIGIR conference on Research and development in information retrieval},
 series = {SIGIR '13},
 year = {2013},
 isbn = {978-1-4503-2034-4},
 location = {Dublin, Ireland},
 pages = {273--282},
 numpages = {10},
 url = {http://doi.acm.org/10.1145/2484028.2484075},
 doi = {10.1145/2484028.2484075},
 acmid = {2484075},
 publisher = {ACM},
 address = {New York, NY, USA},
 keywords = {click prediction, re-finding queries, repeated results, user history, user modelling, user sessions},
} 

@inproceedings{Wang2013,
 author = {Wang, Hongning and He, Xiaodong and Chang, Ming-Wei and Song, Yang and White, Ryen W. and Chu, Wei},
 title = {Personalized ranking model adaptation for web search},
 booktitle = {Proceedings of the 36th international ACM SIGIR conference on Research and development in information retrieval},
 series = {SIGIR '13},
 year = {2013},
 isbn = {978-1-4503-2034-4},
 location = {Dublin, Ireland},
 pages = {323--332},
 numpages = {10},
 url = {http://doi.acm.org/10.1145/2484028.2484068},
 doi = {10.1145/2484028.2484068},
 acmid = {2484068},
 publisher = {ACM},
 address = {New York, NY, USA},
 keywords = {learning to rank, model adaptation, personalization},
}
